@inproceedings{HazelnutPOPL,
 author = {Omar, Cyrus and Voysey, Ian and Hilton, Michael and
           Aldrich, Jonathan and Hammer, Matthew A.},
 title = {Hazelnut: A {B}idirectionally {T}yped {S}tructure {E}ditor {C}alculus},
 booktitle = {ACM SIGPLAN Symposium on Principles of Programming Languages (POPL)},
 year = {2017},
 sortyear = {2017-1}
}

@article{HazelLive,
author = {Omar, Cyrus and Voysey, Ian and Chugh, Ravi and Hammer, Matthew A.},
title = {Live Functional Programming with Typed Holes},
year = {2019},
issue_date = {January 2019},
publisher = {Association for Computing Machinery},
address = {New York, NY, USA},
volume = {3},
number = {POPL},
url = {https://doi-org.proxy.lib.umich.edu/10.1145/3290327},
doi = {10.1145/3290327},
journal = {Proc. ACM Program. Lang.},
month = jan,
articleno = {14},
numpages = {32},
keywords = {gradual typing, typed holes, structured editing, contextual modal type theory, live programming}
}


@article{findler_drscheme_2002,
	title = {{DrScheme}: a programming environment for Scheme},
	volume = {12},
	issn = {0956-7968, 1469-7653},
	url = {http://www.journals.cambridge.org/abstract_S0956796801004208},
	doi = {10.1017/S0956796801004208},
	shorttitle = {{DrScheme}},
	number = {2},
	journaltitle = {Journal of Functional Programming},
	shortjournal = {J. Funct. Prog.},
	author = {Findler, Robert Bruce and Clements, John and Flanagan, Cormac and Flatt, Matthew and Krishnamurthi, Shriram and Steckler, Paul and Felleisen, Matthias},
	urldate = {2021-06-15},
	date = {2002-03},
	langid = {english}
}


@article{cong_implementing_nodate,
	title = {Implementing a stepper using delimited continuations},
	language = {en},
	author = {Cong, Youyou and Asai, Kenichi},
	pages = {13}
}
